@inproceedings{katti2005cryptanalysis,
  title={Cryptanalysis of Shannon-Fano-Elias Codes},
  author={Katti, Rajendra and Ruan, Xiaoyu},
  booktitle={Information Theory, 2005. ISIT 2005. Proceedings. International Symposium on},
  pages={1231--1235},
  year={2005},
  organization={IEEE}
}
@inproceedings{ruan2006using,
  title={Using improved shannon-fano-elias codes for data encryption},
  author={Ruan, Xiaoyu and Katti, Rajendra},
  booktitle={Information Theory, 2006 IEEE International Symposium on},
  pages={1249--1252},
  year={2006},
  organization={IEEE}
}